@techreport{mapsAPI-JS,
  title={Google Maps API JavaScript},
  author={Google Inc.},
  url={https://developers.google.com/maps/documentation/javascript/tutorial},
  year={2018},
  institution= {Google Inc.}
}

@techreport{mapsAPI-Android,
  title={Google Maps API Android},
  author={Google Inc.},
  url={https://developers.google.com/maps/documentation/android-sdk/intro},
  year={2018},
  institution= {Google Inc.}
}

@techreport{mapsAPI-iOS,
  title={Google Maps API iOS},
  author={Google Inc.},
  url={https://developers.google.com/maps/documentation/ios-sdk/intro},
  year={2018},
  institution= {Google Inc.}
}

@techreport{sensorsAPI,
  title={Sensors API},
  author={Google Inc.},
  url={https://developers.google.com/fit/android/sensors},
  year={2018},
  institution= {Google Inc.}
}

@techreport{healthKit,
  title={healthKit},
  author={Apple Inc.},
  url={https://developer.apple.com/documentation/healthkit},
  year={2018},
  institution= {Apple Inc.}
}

@techreport{JEE,
  title={Java Enterprise Edition},
  author={Oracle Inc.},
  url={https://www.oracle.com/technetwork/java/javaee/overview/index.html},
  year={2018},
  institution= {Oracle Inc.}
}

@techreport{GlassFish,
  title={GlassFish JEE Implementation},
  author={Oracle Inc.},
  url={https://javaee.github.io/glassfish/},
  year={2018},
  institution= {Oracle Inc.}
}