@techreport{gps,
  title={GPS Accuracy},
  author={U.S. government},
  url={https://www.gps.gov/systems/gps/performance/accuracy/},
  year={2017},
  institution= {U.S. government}
}

